@Article{Terrill-2017-theConvo-Melbourne-vs-Sydney,
  author      = {Alan Davies},
  date        = {2016-03-08},
  title       = {Melbourne Metro: what do you get for \$10~Billion?},
  journal     = {The Urbanist (Crikey)},
  url         = {https://blogs.crikey.com.au/theurbanist/2016/03/08/melbourne-metro-what-do-you-get-for-10-billion/},
}

@Article{Terrill-2017-theConvo-Melbourne-vs-Sydney,
  author      = {Marion Terrill},
  date        = {2017-07-03},
  title       = {Stuck in traffic: busting Melbourne versus Sydney myths and identifying the worst commutes},
  journal     = {The Conversation},
  url         = {https://theconversation.com/stuck-in-traffic-busting-melbourne-versus-sydney-myths-and-identifying-the-worst-commutes-79343},
}
