@TechReport{RMS2010Hunter,
  author       = {{NSW RMS}},
  title        = {Hunter Expressway – Current status},
  year         = {2010},
  institution  = {NSW Roads and Maritime Services},
  url          = {http://www.rms.nsw.gov.au/documents/projects/hunter/the-hunter-expressway/project-documents/hunter-expressway-comm-update-jul2010.pdf},
}

@TechReport{RMS2010-Hunter-EXPWY,
  author       = {{NSW RMS}},
  title        = {Hunter Expressway – Current status},
  year         = {2010},
  institution  = {NSW RMS},
}


