@TechReport{ABS-ResearchExperimentalDevelopment2014,
  author       = {{ABS}},
  title        = {Research and Experimental Development, Higher Education Organisations, Australia, 2014},
  date         = {2016-05-17},
  institution  = {Australian Bureau of Statistics},
  note         = {Cat. 8111.0},
  url          = {http://www.abs.gov.au/ausstats/abs@.nsf/mf/8111.0},
}


@Misc{Treasury2014TES2013,
  author       = {{Treasury}},
  title        = {Tax Expenditures Statement 2013},
  year         = {2014},
  url          = {http://treasury.gov.au/PublicationsAndMedia/Publications/2014/TES-2013},
}

@Misc{Treasury2014f,
  author       = {{Treasury}},
  title        = {Tax expenditures statement 2013},
  year         = {2014},
  url          = {http://treasury.gov.au/~/media/Treasury/Publications%20and%20Media/Publications/2014/TES%202013/Documents/PDF/TES-13-Consolidated.ashx},
}

