
@misc{Agostini2008Santiago,
  author      = {Claudio A Agostini and Gaston A Palmucci},
  title       = {The Anticipated Capitalisation Effect of a New
Metro Line on Housing Prices},
  year        = {2008},
  url         = {http://onlinelibrary.wiley.com/doi/10.1111/j.1475-5890.2008.00074.x/pdf},
}
