@Misc{VicRoads,
  author = {Vicroads},
  year = {2014},
  title = {Traffic Monitor Report},
}

@Misc{VicRoadsr,
  author = {VicRoads},
  title = {Upper case R},
  year = {2013},
}

