@TechReport{Daly2012,
  author      = {Daly, A and Lewis, P and Corliss, M and Heaslip, T},
  institution = {Centre for Labour Market Research},
  title       = {{The private rate of return to a university degree in Australia}},
  url         = {http://www.voced.edu.au/content/ngv%3A53097},
  year        = {2012},
}
