
@Misc{Tax-Laws-Amendment-Simplified-Super-Bill-2006,
  title        = {\textup{Tax Laws Amendment (Simplified Superannuation) Bill 2006}},
  year         = {Cth},
  url          = {https://www.comlaw.gov.au/Details/C2006B00226/Download},
}
