@Misc{AG-2016-Super-splitting-laws-FAQ,
  author       = {{Attorney-General's Department}},
  title        = {Superannuation splitting laws -- Frequently Asked Questions},
  year         = {2016},
  url          = {https://www.ag.gov.au/FamiliesAndMarriage/Families/SuperSplitting/Documents/Superannuation splitting frequently asked questions.pdf},
}
