@Comment{File kindly provided by RMHogervorst (https://github.com/RMHogervorst/citr)}

@article{baumer_markdown_2014,
  title = {R {{Markdown}}: {{Integrating}} a reproducible analysis tool into introductory statistics},
  url = {http://arxiv.org/abs/1402.1894},
  shorttitle = {R {{Markdown}}},
  timestamp = {2016-02-15T09:16:13Z},
  journaltitle = {arXiv preprint arXiv:1402.1894},
  author = {Baumer, Ben and Cetinkaya-Rundel, Mine and Bray, Andrew and Loi, Linda and Horton, Nicholas J.},
  urldate = {2016-02-15},
  date = {2014},
  note = {00022},
  file = {Baumer et al. - 2014 - R Markdown Integrating a reproducible analysis to.pdf:C\:\\Users\\roel\\AppData\\Roaming\\Zotero\\Zotero\\Profiles\\aw40nx7l.default\\zotero\\storage\\Q86U3MPD\\Baumer et al. - 2014 - R Markdown Integrating a reproducible analysis to.pdf:application/pdf}
}

@article{savage_empirical_2009,
  title = {Empirical study of data sharing by authors publishing in {{PLoS}} journals},
  volume = {4},
  url = {http://journals.plos.org/plosone/article?id=10.1371/journal.pone.0007078},
  timestamp = {2016-02-15T09:16:17Z},
  number = {9},
  journaltitle = {PloS one},
  author = {Savage, Caroline J. and Vickers, Andrew J.},
  urldate = {2016-02-15},
  date = {2009},
  pages = {e7078},
  note = {00148},
  file = {Savage and Vickers - 2009 - Empirical study of data sharing by authors publish.pdf:C\:\\Users\\roel\\AppData\\Roaming\\Zotero\\Zotero\\Profiles\\aw40nx7l.default\\zotero\\storage\\NZ7QRQ3X\\Savage and Vickers - 2009 - Empirical study of data sharing by authors publish.pdf:application/pdf}
}

@article{stodden_legal_2009,
  title = {The legal framework for reproducible scientific research: {{Licensing}} and copyright},
  volume = {11},
  url = {http://scitation.aip.org/content/aip/journal/cise/11/1/10.1109/MCSE.2009.19},
  shorttitle = {The legal framework for reproducible scientific research},
  timestamp = {2016-02-15T09:16:21Z},
  number = {1},
  journaltitle = {Computing in Science \& Engineering},
  author = {Stodden, Victoria},
  urldate = {2016-02-15},
  date = {2009},
  pages = {35--40},
  note = {00082},
  file = {Stodden - 2009 - The legal framework for reproducible scientific re.pdf:C\:\\Users\\roel\\AppData\\Roaming\\Zotero\\Zotero\\Profiles\\aw40nx7l.default\\zotero\\storage\\KJFJGWJI\\Stodden - 2009 - The legal framework for reproducible scientific re.pdf:application/pdf}
}
