
@Article{BlakersLuStocks2017,
  author  = {Andrew Blakers and Bin Lu and Matthew Stocks},
  title   = {100% renewable electricity in Australia},
  journal = {Energy},
  date    = {2017-08-15},
}
