861750f82223ae4a1e0aca5e94decec4