@Misc{ABC,
	author = {ABC},
	title = {CDE},
	year = {2000},	
}
