
@TechReport{AIHW-2017-Access-to-health-services-disability,
  author       = {AIHW},
  institution  = {Australian Institute of Health and Welfare},
  date         = {2017-12-03},
  title        = {Access to health services by Australians with disability  
},
  url          = {https://www.aihw.gov.au/reports/disability/access-health-services-disability/related-material},
}
