@Article{DEF,
	author = {ABC},
	title = {CDE},
	year = {2000},	
}
