
@Misc{2013AustralianEducationAct,
  title       = {Australian Education Act 2013},
  year        = {Cth},
  url         = {https://www.education.gov.au/australian-education-act-2013},
}

@Misc{ABS2016ConsumerPriceIndex,
  author      = {ABS},
  title       = {6401.0 - Consumer Price Index, Australia, Sep 2016},
  year        = {2016},
  url         = {http://www.abs.gov.au/ausstats/abs@.nsf/mf/6401.0},
}

@Misc{ABS2016WagePriceIndex,
  author      = {ABS},
  title       = {6345.0 - Wage Price Index, Australia, Sep 2016},
  year        = {2016},
  url         = {http://www.abs.gov.au/ausstats/abs@.nsf/mf/6345.0},
}

@Misc{ABS2016SchoolsAustralia,
  author      = {ABS},
  title       = {4221.0 - Schools, Australia, 2015},
  year        = {2016},
  url         = {http://www.abs.gov.au/ausstats/abs@.nsf/mf/4221.0},
}

@TechReport{Ainley2013MeasureMeasureReview,
  author      = {Ainley, J. and Gebhardt, E.},
  title       = {Measure for Measure: A Review of Outcomes of School Education in Australia},
  institution = {Australian council for Educational Research},
  year        = {2013},
  url         = {http://research.acer.edu.au/ar_misc/15},
}

@TechReport{Allen2003EightQuestionsTeacher,
  author      = {Allen, Michael},
  title       = {Eight Questions on Teacher Preparation: What Does the Research Say? A Summary of the Findings},
  institution = {Education Commission of the States},
  year        = {2003},
  url         = {http://eric.ed.gov/?id=ED479051},
}

@TechReport{Auguste2010ClosingTalentGap,
  author      = {Auguste, Byron and Kihn, Paul and Miller, Matt},
  title       = {Closing the Talent Gap: Attracting and Retaining Top-Third Graduates to Careers in Teaching},
  institution = {McKinsey \& Company},
  year        = {2010},
  url         = {http://mckinseyonsociety.com/closing-the-talent-gap/ },
}

@TechReport{Baker2016DoesMoneyMatter,
  author      = {Baker, Bruce D.},
  title       = {Does Money Matter in Education?},
  institution = {Albert Shanker Institute},
  year        = {2016},
  url         = {http://www.shankerinstitute.org/resource/does-money-matter-second-edition},
}

@TechReport{Barber2007HowWorldsBest,
  author      = {Barber, Michael and Mourshed, Mona},
  title       = {How the World's Best-Performing School Systems Come out on Top},
  institution = {McKinsey \& Company},
  year        = {2007},
  url         = {https://mckinseyonsociety.com/downloads/reports/Education/Worlds_School_Systems_Final.pdf},
}

@TechReport{Blank2009EffectsTeacherProfessional,
  author      = {Blank, R. K. and de las Alas, N.},
  year        = {2009},
  title       = {Effects of teacher professional development on gains in student achievement: How meta-analysis provides scientific evidence useful to education leaders},
  institution = {Council of Chief State School Officers},
  url         = {http://www.ccsso.org/Resources/Publications/Effects_of_Teacher_Professional_Development_Gains_in_Student_Achievement_How_Meta_Analysis_Provides_Evidence_Useful_to_Education_Leaders_.html},
}

@Article{Boston-2016-WhatGonskiReally,
  author      = {Boston, Ken},
  title       = {What Gonski Really Meant, and How that's been Forgotten Almost Everywhere},
  date        = {2016-09-06},
  journal     = {Inside Story},
  url         = {http://insidestory.org.au/what-gonski-really-meant-and-how-thats-been-forgotten-almost-everywhere},
}

@Misc{Treasury2016BudgetPapers2016,
  author      = {{Treasury}},
  title       = {Budget Papers 2016-17},
  year        = {2016},
  url         = {http://budget.gov.au/2016-17/content/bp2/download/BP2_consolidated.pdf},
}

@TechReport{Bowen2016BetterSchoolsFull,
  author      = {PBO},
  title       = {Better Schools: Full Gonski and Disability Funding},
  date        = {2016-06-29},
  institution = {Parliamentary Budget Office},
  url         = {https://www.electioncostings.gov.au/costings/better-schools-full-gonski-and-disability-funding},
}

@TechReport{Buckingham2016OneSchoolDoes,
  author      = {Buckingham, Jennifer and Jha, Trisha},
  title       = {One School Does Not Fit All},
  institution = {The Centre for Independent Studies},
  year        = {2016},
  url         = {https://www.cis.org.au/publications/research-reports/one-school-does-not-fit-all},
}

@Article{Card2002Schoolfinancereform,
  author      = {Card, D. and Payne, A. A.},
  title       = {School finance reform, the distribution of school spending, and the distribution of student test scores},
  journal     = {Journal of public economics},
  year        = {2002},
  volume      = {83},
  number      = {1},
  pages       = {49-82},
  issn        = {0047-2727},
  doi         = {10.1016/S0047-2727(00)00177-8},
}

@TechReport{CIRES2015LowSESSchool,
  author      = {CIRES},
  title       = {Low SES School Communities National Partnership: Evaluation of Staffing, Management and Accountability Initiatives},
  institution = {Centre for International Research on Education Systems},
  year        = {2015},
  url         = {https://www.cese.nsw.gov.au/images/stories/PDF/LSES_NP_Final_Report.pdf},
}

@TechReport{Cobb-Clark2013Educationalachievementallocation,
  author      = {Cobb-Clark, Deborah A and Jha, Nikhil},
  title       = {Educational achievement and the allocation of school resources},
  year        = {2013},
  month       = {10},
  institution = {Melbourne Institute},
  doi         = {10.1111/1467-8462.12159},
  url         = {https://ssrn.com/abstract=2344089},
}

@TechReport{Cobbold2014MoneyMattersEducation,
  author      = {Cobbold, Trevor},
  title       = {Money Matters in Education},
  year        = {2014},
  institution = {Save Our Schools},
  url         = {http://www.saveourschools.com.au/file_download/165},
}

@TechReport{Coe2014WhatMakesGreat,
  author      = {Coe, Robert and Aloisi, Cesare and Higgins, Steve and Major, Lee Elliot},
  title       = {What Makes Great Teaching? Review of the Underpinning Research},
  institution = {The Sutton Trust},
  year        = {2014},
  url         = {http://www.suttontrust.com/researcharchive/great-teaching/},
}

@Book{Coleman1966EqualityEducationalOpportunity,
  title       = {Equality of Educational Opportunity [summary report]},
  publisher   = {US Department of Health, Education, and Welfare, Office of Education},
  year        = {1966},
  author      = {J. Coleman and Ernest Q. Campbell and Carol J. Hobson and James McPartland and Alexander M. Mood and Frederic D. Weinfeld and Robert L. York},
  volume      = {2},
}

@Article{Balogh2016WildInequalityGonski,
  author      = {Balogh, S. and Parnell, S.},
  title       = {Wild Inequality in Gonski School Funds},
  year        = {2016},
  journal     = {The Australian},
  url         = {http://www.theaustralian.com.au/national-affairs/education/wild-inequality-in-gonski-school-funds/news-story/481d87c1dc017303a9b16d7b65f19844},
}

@TechReport{Commission2012SchoolWorkforce,
  author      = {PC},
  title       = {Schools Workforce},
  year        = {2012},
  institution = {Productivity Commission},
  url         = {http://www.pc.gov.au/inquiries/completed/education-workforce-schools/report},
}


@TechReport{Commission2016NationalEducationEvidence,
  author      = {PC},
  title       = {National Education Evidence Base},
  institution = {Productivity Commission},
  year        = {2016},
  url         = {http://www.pc.gov.au/inquiries/current/education-evidence#draft},
}

@TechReport{Commission2016ReportGovernmentServices,
  author      = {PC},
  year        = {2016},
  title       = {Report on Government Services},
  institution = {Productivity Commission},
  url         = {http://www.pc.gov.au/research/ongoing/report-on-government-services/2016},
}

@Article{Conifer2016GlobalEducationReport,
  author      = {Conifer, D. and Nightingale, T.},
  title       = {Global education report prompts Government to examine school funding},
  year        = {2016},
  journal     = {ABC News},
  url         = {http://www.abc.net.au/news/2016-09-16/government-to-reconsider-school-funding-global-education-report/7850746},
}

@TechReport{Connors2015ImperativesSchoolsFunding,
  author      = {Connors, Lyndsay and McMorrow, Jim},
  title       = {Imperatives in Schools Funding: Equity, sustainability and achievement},
  institution = {Australian Council for Educational Research},
  year        = {2015},
  url         = {http://research.acer.edu.au/aer/14/},
}


@article{Desimone2009ImprovingImpactStudies,
  author      = {Desimone, Laura M.}, 
  title       = {Improving Impact Studies of Teachersâ€™ Professional Development: Toward Better Conceptualizations and Measures},
  volume      = {38}, 
  number      = {3}, 
  pages       = {181-199}, 
  year        = {2009}, 
  url         = {http://edr.sagepub.com/content/38/3/181.abstract},
  journal     = {Educational Researcher},
}

@TechReport{Dinham2008TeachingTalentBest,
  author      = {Dinham, S. and Ingvarson, L. and Klienhenz, E.},
  title       = {Teaching Talent: The Best Teachers for Australia's Classrooms},
  year        = {2008},
  institution = {Business Council of Australia},
  url         = {http://www.bca.com.au/publications/teaching-talent-the-best-teachers-for-australias-classrooms},
}

@book{Dinham2016LearningLeadingTeaching,
  author      = {Dinham, Stephen},
  title       = {Leading, Leaning and Teaching},
  year        = {2016},
  publisher   = {ACER Press}, 
  location    = {Camberwell, Victoria}, 
}

@TechReport{Education2014EarlyActionSuccess,
  author      = {{NSW DEC}},
  institution = {{Department of Education and Communities}},
  title       = {Early Action for Success: Report on 2013/14 Activity},
  year        = {2014},
  url         = {http://www.dec.nsw.gov.au/documents/15060385/15385042/report2014.pdf},
}

@TechReport{Education2015EarlyActionSuccess,
  author      = {{NSW DEC}},
  institution = {{Department of Education and Communities}},
  title       = {Early Action for Success: Report on 2014/15 Activity},
  year        = {2015},
  url         = {https://www.det.nsw.edu.au/media/downloads/about-us/our-reforms/early-action-for-success/Early-Action-for-Success-Report-2015.pdf},
}

@book{Fullan2011ChoosingWrongDrivers,
  title       = {Choosing the wrong drivers for whole system reform},
  author      = {Fullan, Michael},
  year        = {2011},
  publisher   = {Centre for Strategic Education East Melbourne},
}

@Article{Gallash2013SecretGonskiDeals,
  author      = {Gallash, R.},
  title       = {'Secret' Gonski deals done},
  year        = {2013},
  journal     = {The Guardian},
  url         = {http://www.theguardian.com.au/story/1594906/secret-gonski-deals-done/},
}

@TechReport{Gibbons2013effectsresourcesschool,
  author      = {Gibbons, Stephen and McNally, Sandra},
  title       = {The effects of resources across school phases: A summary of recent evidence},
  year        = {2013},
  institution = {Centre for Economic Performance, LSE},
  url         = {http://eprints.lse.ac.uk/51567/},
}

@TechReport{Gibbons2012Doesadditionalspending,
  author      = {Gibbons, Stephen and McNally, Sandra and Viarengo, Martina},
  title       = {Does additional spending help urban schools? An evaluation using boundary discontinuities},
  year        = {2012},
  month       = {9},
  institution = {Centre for the Economics of Education},
  url         = {http://cee.lse.ac.uk/ceedps/ceedp128.pdf},
}

@TechReport{Gonski2011ReviewFundingSchooling,
  author      = {Gonski, David and Boston, Ken and Greiner, Kathryn and Lawrence, Carmen and Scales, Bill and Tannock, Peter},
  year        = {2011},
  title       = {Review of Funding for Schooling: Final Report}, 
  institution = {Australian Government},
  url         = {https://docs.education.gov.au/system/files/doc/other/review-of-funding-for-schooling-final-report-dec-2011.pdf},
}

@TechReport{Goss-2016-Widening-gaps-NAPLAN,
  author      = {Peter Goss and Julie Sonnemann},
  title       = {Widening gaps: what NAPLAN tells us about student progress},
  date        = {2016-03-21},
  number      = {Report No. 2016-3},
  url         = {http://grattan.edu.au/report/widening-gaps/},
  institution = {Grattan Institute},
}

@TechReport{Goss2015TargetedTeachingHow,
  author      = {Goss, Peter and Hunter, Joanna and Romanes, Danielle and Parsonage, Hugh},
  title       = {Targeted Teaching: How Better Use of Data can Improve Student Learning},
  institution = {Grattan Institute},
  year        = {2015},
  url         = {https://grattan.edu.au/report/targeted-teaching-how-better-use-of-data-can-improve-student-learning/},
}

@Article{Goss2016SchoolFundingRose,
  author      = {Goss, Peter},
  title       = {School funding rose \$10 billion in the last 10 years. So where did the money go?},
  year        = {2016},
  journal     = {Australian Financial Review},
  url         = {https://grattan.edu.au/news/school-funding-rose-10-billion-in-the-last-10-years-so-where-did-the-money-go/},
}

@Article{Greenwald1996EffectSchoolResources,
  author      = {Greenwald, Rob and Hedges, Larry V. and Laine, Richard D.},
  title       = {The Effect of School Resources on Student Achievement},
  journal     = {Review of Educational Research},
  year        = {1996},
  volume      = {66},
  number      = {3},
  pages       = {361-396},
  doi         = {10.2307/1170528},
  url         = {http://rer.sagepub.com/content/66/3/361.abstract},
}

@TechReport{Guryan2001DoesMoneyMatter,
  author      = {Guryan, Jonathan},
  title       = {Does Money Matter? Regression-Discontinuity Estimates from Education Finance Reform in Massachusetts},
  year        = {2001},
  doi         = {10.3386/w8269},
  institution = {National Bureau of Economic Research},
  number      = {8269},
  month       = {5},
  url         = {http://www.nber.org/papers/w8269},
}

@Article{Hanushek1986EconomicsSchoolingProduction,
  author      = {Hanushek, Eric A.},
  title       = {The Economics of Schooling: Production and Efficiency in Public Schools},
  journal     = {Journal of Economic Literature},
  year        = {1986},
  volume      = {24},
  number      = {3},
  pages       = {1141-1177},
  url         = {http://www.jstor.org.ezp.lib.unimelb.edu.au/stable/2725865},
}

@Article{Hattie2009VisibleLearningArticle,
  journal     = {GÃ¶teborg UtbildningsfÃ¶rvaltningen},
  title       = {Interview with John Hattie on Visible Learning},
  year        = {2015},
  author      = {Tina FernstrÃ¶m},
  url         = {http://www.workingoutwhatworks.com/en-GB/Magazine/2015/2/John_Hattie_interview},
}



@book{Hattie2008visiblelearningsynthesis,
  title       = {Visible learning: A synthesis of over 800 meta-analyses relating to achievement},
  author      = {Hattie, John},
  year        = {2008},
  publisher   = {Routledge}, 
  location    = {Oxon},
}

@Article{Hedges1994ExchangePartI,
  author      = {Hedges, Larry V. and Laine, Richard D. and Greenwald, Rob},
  title       = {An Exchange: Part I: Does Money Matter? A Meta-Analysis of Studies of the Effects of Differential School Inputs on Student Outcomes},
  journal     = {Educational Researcher},
  year        = {1994},
  volume      = {23},
  number      = {3},
  pages       = {5-14},
  doi         = {10.2307/1177220},
  url         = {http://edr.sagepub.com/content/23/3/5.abstract},
}

@Article{Heinesen2005effectschoolresources,
  author      = {Heinesen, Eskil and Graversen, Brian Krogh},
  title       = {The effect of school resources on educational attainment: evidence from Denmark},
  journal     = {Bulletin of Economic Research},
  year        = {2005},
  volume      = {57},
  number      = {2},
  pages       = {109-143},
  doi         = {10.1111/j.0307-3378.2005.00217.x},
  url         = {https://ssrn.com/abstract=697321},
}

@TechReport{Helal2012SchoolResourcesAutonomy,
  author      = {Helal, Mike},
  title       = {School Resources, Autonomy and Student Achievement: Evidence from a Regression Discontinuity Design},
  institution = {Melbourne Institute of Applied Economic and Social Research},
  year        = {2012},
  url         = {http://www.sole-jole.org/13470.pdf},
}

@Article{Hill2005EffectsTeachersMathematical,
  author      = {Hill, Heather C. and Rowan, Brian and Ball, Deborah Loewenberg},
  title       = {Effects of Teachers' Mathematical Knowledge for Teaching on Student Achievement},
  journal     = {American Educational Research Journal},
  year        = {2005},
  volume      = {42},
  number      = {2},
  pages       = {371-406},
  url         = {http://www.jstor.org.ezproxy1.library.usyd.edu.au/stable/3699380},
}

@TechReport{Jensen2011BetterTeacherAppraisal,
  author      = {Ben Jensen and Julian Reichl},
  title       = {Better teacher appraisal and feedback: Improving performance},
  year        = {2011},
  institution = {Grattan Institute},
  url         = {https://grattan.edu.au/report/better-teacher-appraisal-and-feedback-improving-performance/},
}

@InBook{Veen2012WhatMakesTeacher,
  author      = {K van Veen and R Zwart and J Melrink},
  year        = {2012},
  booktitle   = {Teacher Learning that Matters: International Perspectives},
  editor      = {Michael Kooy and K van Veen},
  title       = {What Makes Teacher Professional Development Effective? A Literature Review},
}

@Article{Holmlund2010Doesmoneymatter,
  author      = {Holmlund, Helena and McNally, Sandra and Viarengo, Martina},
  title       = {Does money matter for schools?},
  journal     = {Economics of Education Review},
  year        = {2010},
  volume      = {29},
  number      = {6},
  pages       = {1154-1164},
  doi         = {http://dx.doi.org/10.1016/j.econedurev.2010.06.008},
  keywords    = {Education Resources},
  url         = {http://www.sciencedirect.com/science/article/pii/S0272775710000737},
}

@TechReport{Houng2014NAPLANscoresas,
  author      = {Houng, Brendan and Justman, Moshe},
  title       = {NAPLAN scores as predictors of access to higher education in Victoria},
  institution = {Melbourne Institute},
  year        = {2014},
  url         = {http://dx.doi.org/10.2139/ssrn.2519864},
}

@TechReport{Huo2016EffectiveStrategiesImproving,
  author      = {Huo, Shuyan and Lamb, Stephen},
  title       = {Effective Strategies for Improving Student Learning: Results from the Low SES NP Evaluation},
  institution = {Centre for International Research on Education Systems},
  year        = {2016},
  url         = {https://www.cese.nsw.gov.au/images/stories/PDF/Low_SES_NP_projectreport_NSW.pdf},
}

@TechReport{Jensen2012CatchingUpLearning,
  author      = {Ben Jensen and AmÃ©lie Hunter and Julie Sonnemann and Tracy Burns},
  title       = {Catching up: learning from the best school systems in East Asia},
  date        = {2012-02-17},
  institution = {Grattan Institute},
  url         = {https://grattan.edu.au/report/catching-up-learning-from-the-best-school-systems-in-east-asia/},
}


@Article{Chetty2011HowDoesYour,
  author      = {Raj Chetty and J. N. Friedman and N. Hilger and E. Saez and D. W. Schanzenbach and D. Yagan},
  title       = {How Does Your Kindergarten Classroom Affect Your Earnings? Evidence from Project Star},
  journal     = {The Quarterly Journal of Economics},
  year        = {2011},
  number      = {4},
  pages       = {1593-1660},
  doi         = {10.1093/qje/qjr041},
  volume      = {126},
  url         = {http://qje.oxfordjournals.org/content/126/4/1593.abstract},
}

@Article{Independent2014SRSFundingModel,
  author      = {{Independent Schools Council of Australia}},
  title       = {The SRS Funding Model},
  year        = {2014},
  journal     = {Independent Update},
  issue       = {3},
  url         = {http://www.aisnsw.edu.au/Publications/Other/Documents/2014%20Independent%20Update%203%20-%20The%20SRS%20Funding%20Model.pdf},
}

@TechReport{DaleyWood2015FiscalChallenges,
  author      = {John Daley and Danielle Wood},
  title       = {Fiscal Challenges for Australia},
  year        = {2015},
  institution = {Grattan Institute},
  number      = {Working Paper No. 2015-4},
  url         = {https://grattan.edu.au/report/fiscal-challenges-for-australia/},
}

@Misc{NCA2014TowardsResponsibleGovernment,
  author      = {Tony Shepherd and Peter Boxall and Tony Cole and Robert Fisher and Amanda Vanstone},
  title       = {National Commission of Audit: Toward Responsible Government},
  year        = {2014},
  url         = {http://www.ncoa.gov.au/},
}

@Article{Jackson2016EffectsSchoolSpending,
  author      = {C. Kirabo Jackson and Rucker C. Johnson and Claudia Persico},
  title       = {The Effects of School Spending on Educational and Economic Outcomes: Evidence from School Finance Reforms},
  journal     = {The Quarterly Journal of Economics},
  year        = {2016},
  volume      = {131},
  number      = {1},
  pages       = {157-218},
  doi         = {10.1093/qje/qjv036},
  url         = {http://qje.oxfordjournals.org/content/131/1/157.abstract},
}

@Article{Jensen2016SchoolFunding,
  author      = {Jensen, B and Reichl, J and Kemp A},
  title       = {The Real Issue in School Funding: an Analysis of Increasing Government School Expenditure and Declining Performance},
  journal     = {The Australian Economic Review},
  year        = {2011},
  volume      = {131},
  number      = {1},
  pages       = {157-218},
  doi         = {10.1093/qje/qjv036},
  url         = {http://onlinelibrary.wiley.com/doi/10.1111/j.1467-8462.2011.00647.x/abstract},
}

@TechReport{Jensen2016PDTeacherProfessional,
  author      = {Jensen, Ben and Sonnemann, Julie and Hunter, Amelie and Roberts-Hull, Katie},
  title       = {Beyond PD: Teacher Professional Learning in High-Performing Systems},
  year        = {2016},
  institution = {National Center on Education and the Economy},
  url         = {http://www.ncee.org/beyondpd/},
}

@TechReport{Justman2013WhatsWrongGonski,
  author      = {Justman, Moshe and Ryan, Chris},
  title       = {What's Wrong with the Gonski Report: Funding Reform and Student Achievement?},
  institution = {Melbourne Institute of Applied Economic and Social Research},
  year        = {2013},
  url         = {https://www.melbourneinstitute.com/downloads/policy_briefs_series/pb2013n02.pdf},
}

@Article{Knott2016Morethan150,
  author      = {Knott, Matthew and Hunter, Fergus},
  title       = {More than 150 Private Schools Over-Funded by Hundreds of Millions of Dollars Each Year},
  year        = {2016},
  journal     = {Sydney Morning Herald},
  url         = {http://www.smh.com.au/federal-politics/political-news/full-list-1-billion-flowing-to-wealthy-private-schools-officially-classed-as-overfunded-20160930-grs6nz.html},
}


@Article{Konstantopoulos2011FamilyBackgroundSchool,
  author      = {Konstantopoulos, S. and Borman, Geoffrey D.},
  title       = {Family Background and School Effects on Student Achievement: A Multilevel Analysis of the Coleman Data},
  year        = {2011},
  journal     = {Teachers College Record},
  volume      = {113},
  issue       = {1},
  pages       = {97--132},
}

@Article{Krueger2003EconomicConsiderationsClass,
  author      = {Krueger, Alan B.},
  title       = {Economic Considerations and Class Size},
  journal     = {The Economic Journal},
  year        = {2003},
  volume      = {113},
  number      = {485},
  pages       = {F34-F63},
  url         = {http://onlinelibrary.wiley.com/doi/10.1111/1468-0297.00098/abstract},
}

@Article{Lafortune2016SchoolFinanceReform,
  author      = {Lafortune, Julien and Rothstein, Jesse and Schanzenbach, Diane Whitmore},
  title       = {School Finance Reform and the Distribution of Student Achievement},
  journal     = {National Bureau of Economic Research Working Paper Series},
  year        = {2016},
  volume      = {No. 22011},
  url         = {http://www.nber.org/papers/w22011},
}

@Article{Machin2010ResourcesStandardsUrban,
  author      = {Machin, Stephen and McNally, Sandra and Meghir, Costas},
  title       = {Resources and Standards in Urban Schools},
  journal     = {Journal of Human Capital},
  year        = {2010},
  volume      = {4},
  number      = {4},
  pages       = {365-393},
  url         = {http://www.jstor.org/stable/10.1086/658634},
}

@TechReport{Masters2016FivechallengesAustralian,
  author      = {Masters, Geoff N.},
  title       = {Five challenges in Australian school education},
  institution = {ACER},
  year        = {2016},
  url         = {http://research.acer.edu.au/policyinsights/5/},
}

@Book{McKenzie2005Teachersmatterattracting,
  title       = {Teachers matter: attracting, developing and retaining effective teachers},
  publisher   = {Organisation for Economic Co-operation and Development},
  year        = {2005},
  author      = {McKenzie, Phillip and Santiago, Paulo},
  address     = {Paris},
  isbn        = {9264018026},
  keywords    = {Education Teachers Supply and demand Training of OECD countries},
  url         = {http://www.oecd.org/edu/school/attractingdevelopingandretainingeffectiveteachers-finalreportteachersmatter.htm},
}

@Article{KingndTheStructureandFunding,
  author      = {King, Stephen and Anderson, Malcolm and Caldwell, Brian and Dawkins, Peter},
  title       = {The Structure and Funding of the School System},
  journal     = {The Melbourne Institute},
  year        = {2005},
  url         = {https://www.melbourneinstitute.com/downloads/conferences/Papers_presentations/Dawkins_Peter.pdf},
}

@Article{Mosteller1995TennesseeStudyClass,
  author      = {Mosteller, Frederick},
  title       = {The Tennessee Study of Class Size in the Early School Grades},
  journal     = {The Future of Children},
  year        = {1995},
  volume      = {5},
  number      = {2},
  pages       = {113-127},
  keywords    = {Schools - organization & administration},
  url         = {http://www.jstor.org/stable/3824562},
}

@TechReport{NAP2016NAPLANresults,
  author      = {NAP},
  title       = {NAPLAN results},
  date        = {2016-11-02},
  institution = {National Assessment Program},
  url         = {http://www.nap.edu.au/naplan/naplan.html},
}


@TechReport{NationalRCouncil2010soundpolicy,
  author      = {{National Research Council}},
  title       = {Preparing Teachers: Building Evidence for Sound Policy},
  institution = {National Research Council},
  year        = {2010},
  url         = {http://www.paase.org/images/PreparingTeachers2010.pdf},
}


@Article{Ng2008DevelopingForwardLookingInnovative,
  author      = {Ng, Pak Tee},
  title       = {Developing Forward-Looking and Innovative School Leaders: the Singapore Leaders in Education Programme},
  journal     = {Journal of In-Service Education},
  year        = {2008},
  volume      = {34},
  number      = {2},
  pages       = {237-255},
  url         = {http://www.tandfonline.com/doi/abs/10.1080/13674580801951053},
}

@TechReport{Nicoletti2012effectschoolresources,
  author      = {Nicoletti, Cheti and Rabe, Birgitta},
  title       = {The effect of school resources on test scores in England},
  institution = {Institute for Economic and Social Research},
  year        = {2012},
  url         = {https://www.iser.essex.ac.uk/research/publications/working-papers/iser/2012-13},
}

@TechReport{OECD2009CreatingEffectiveTeaching,
  author      = {OECD},
  title       = {Creating Effective Teaching and Learning Environments: First Results from TALIS},
  institution = {Organisation for Economic Co-operation and Development},
  year        = {2009},
  url         = {http://www.oecd.org/edu/school/creatingeffectiveteachingandlearningenvironmentsfirstresultsfromtalis.htm},
}

@TechReport{OECD2010PISA2009Results,
  author      = {OECD},
  title       = {PISA 2009 Results: Learning Trends: Changes in Student Performance Since 2000},
  institution = {Organisation for Economic Co-operation and Development},
  year        = {2010},
  url         = {https://www.oecd.org/pisa/pisaproducts/pisa2009resultslearningtrendschangesinstudentperformancesince2000volumev.htm},
}

@TechReport{OECD2011StrongPerformersSuccessful,
  author      = {OECD},
  title       = {Strong Performers and Successful Reformers in Education: Lessons from PISA for the United States},
  year        = {2011},
  institution = {Organisation for Economic Co-operation and Development},
  url         = {http://www.oecd.org/pisa/46623978.pdf},
}


@TechReport{OECD2012EquityQualityEducation,
  author      = {OECD},
  title       = {Equity and Quality in Education. Supporting Disadvantaged Students and Schools: Summary in English},
  year        = {2012},
  institution = {Organisation for Economic Co-operation and Development},
  url         = {http://www.oecd.org/edu/school/49620025.pdf},
}

@TechReport{OECD2013aExcellenceThroughEquity,
  author      = {OECD},
  title       = {PISA 2012 Results: Excellence through Equity},
  institution = {Organisation for Economic Co-operation and Development},
  year        = {2013},
  url         = {http://dx.doi.org/10.1787/9789264201132-en},
}

@TechReport{OECD2013SchoolsSuccessful,
  author      = {OECD},
  title       = {PISA 2012 Results: What Makes Schools Successful? Resources, Policies and Practices},
  institution = {Organisation for Economic Co-operation and Development},
  year        = {2013},
  url         = {http://www.oecd-ilibrary.org/education/pisa-2012-results-what-makes-a-school-successful-volume-iv_9789264201156-en},
}

@TechReport{OECD2014PISA2012Results,
  author      = {OECD},
  title       = {PISA 2012 Results: What Students Know and Can Do},
  institution = {Organisation for Economic Co-operation and Development},
  year        = {2014},
  url         = {http://www.oecd-ilibrary.org/education/pisa-2012-results-what-students-know-and-can-do-volume-i-revised-edition-february-2014_9789264208780-en},
}

@TechReport{Jensen2010WhatTeachersWant,
  author      = {Ben Jensen and AmÃ©lie Hunter},
  date        = {2010-05-24},
  title       = {What teachers want: better teacher management},
  institution = {Grattan Institute},
  number      = {Report No. 2010-3},
  url         = {https://grattan.edu.au/report/what-teachers-want-better-teacher-management/},
}

@TechReport{OECD2016AustraliaOvervieweducation,
  author      = {OECD},
  title       = {Australia: Overview of the education system (EAG 2016)},
  year        = {2016},
  number      = {03/11},
  institution = {Organisation for Economic Co-operation and Development},
  url         = {http://gpseducation.oecd.org/CountryProfile?primaryCountry=AUS&treshold=10&topic=EO},
}

@Misc{ALP-Your-child-our-future,
  author      = {ALP},
  title       = {Your Child, Our Future: Labor's Positive Plan for Schools},
  year        = {2016},
  url         = {http://www.laborsplanforeducation.com.au/labors_plan},
}

@TechReport{PBO2016PostElectionReport,
  author      = {PBO},
  title       = {Post Election Report of Election Commitments: 2016 General Election},
  year        = {2016},
  institution = {Parliamentary Budget Office},
}

@TechReport{PGA2014NationalEvaluationLow,
  author      = {PGA},
  title       = {National Evaluation for the Low SES National Partnership and the Literacy and Numeracy National Partnership - Impact Stage},
  institution = {Parkville Global Advisory},
  year        = {2014},
  url         = {https://docs.education.gov.au/system/files/doc/other/accessible_-_national_evaluation_for_the_low_ses_national_partnership_and_the_literacy_and_numeracy_national_partnership.pdf},
}

@TechReport{Reeves2016BiologyCorporateSurvival,
  author      = {Reeves, M. and Levin, S. and Ueda, D.},
  title       = {The Biology of Corporate Survival},
  year        = {2016},
  institution = {Boston Consulting Group}, 
  url         = {https://www.bcgperspectives.com/content/articles/stratregy-strategic-planning-biology-corporate-survival/}, 
}


@TechReport{RBA2016G3InflationExpectations,
  author      = {RBA},
  title       = {G3 Inflation Expectations},
  year        = {2016},
  institution = {Reserve Bank of Australia},
  url         = {http://www.rba.gov.au/statistics/tables/#inflation-expectations},
}

@TechReport{Santiago2011OECDReviewsEvaluation,
  author      = {Santiago, Paulo and Donaldson, Graham and Herman, Joan and Shewbridge, Claire},
  title       = {OECD Reviews of Evaluation and Assessment in Education: Australia},
  institution = {Organisation for Economic Co-operation and Development},
  year        = {2011},
  url         = {http://www.oecd.org/australia/oecdreviewsofevaluationandassessmentineducationaustralia2011.htm},
}

@Article{Schanzenbach2006WhatHaveResearchers,
  author      = {Schanzenbach, Diane Whitmore},
  title       = {What Have Researchers Learned from Project STAR?},
  journal     = {Brookings Papers on Education Policy},
  year        = {2006},
  volume      = {2006},
  number      = {1},
  pages       = {205-228},
  keywords    = {Studies Education policy Kindergarten Class size},
  url         = {http://www.jstor.org/stable/20067282},
}

@Misc{SenBackn.d.GovernmentSenatorsDissenting,
  author      = {{Sen.\ Chris Back} and {Sen.\ Bridget McKenzie} and {Sen.\ John Williams}},
  title       = {Government Senators' Dissenting Report},
  year        = {2014},
  url         = {http://www.aph.gov.au/Parliamentary_Business/Committees/Senate/School_Funding/School_Funding/Report/d02},
}

@Misc{SenateSQ15000244,
  author      = {{Senate Committee: Education and Employment}},
  title       = {Additional Estimates 2014 - 2015: Department of Education and Training Question No. SQ15-000244},
  date        = {2015-03-17},
  url         = {http://www.aph.gov.au/Parliamentary_Business/Senate_Estimates/clacctte/estimates/add1415/report/index},
}

@Misc{SenateSQ15000703,
  author      = {{Senate Committee: Education and Employment}},
  title       = {Supplementary Budget Estimates 2015 - 2016: Department of Education and Training Question No. SQ15-000703},
  date        = {2015-10-21},
  url         = {http://www.aph.gov.au/~/media/Committees/eet_ctte/estimates/supp_1516/Education/Answers/SQ15-000703.pdf},
}


@Misc{SenateSQ15000888,
  author      = {{Senate Committee: Education and Employment}},
  title       = {Supplementary Budget Estimates 2015 - 2016: Department of Education and Training Question No. SQ15-000888},
  date        = {2015-10-22},
  url         = {http://www.aph.gov.au/Parliamentary_Business/Senate_Estimates/fadtctte/estimates/sup1516/index},
}

@Misc{SenateED0572,
  author      = {{Senate Committee: Education and Employment}},
  date        = {2014-10-22},
  title       = {Supplementary Budget Estimates 2014-2015: Department of Education and Employment Question No. ED0572\_15},
}

@TechReport{SiMERR2015EvaluationImpactSelected,
  author      = {{SiMERR National Research Centre}},
  year        = {2015},
  title       = {Evaluation of the Impact of Selected Reforms: Improving Teacher Quality National Partnership}, 
  institution = {The University of New England}, 
  url         = {https://www.cese.nsw.gov.au/images/stories/PDF/ITQ_NP_Abridged.pdf},
}

@TechReport{Timperley2007TeacherProfessionalLearning,
  author      = {Timperley, H. and Wilson, A. and Barrar, H. and Fung, I.},
  year        = {2007},
  title       = {Teacher professional learning and development: best evidence synthesis iteration (BES)},
  institution = {Ministry of Education},
  address     = {Wellington},
  url         = {https://www.educationcounts.govt.nz/publications/series/2515/15341},
}

@Article{Wenglinsky1997HowMoneyMatters,
  author      = {Wenglinsky, Harold},
  title       = {How Money Matters: The Effect of School District Spending on Academic Achievement},
  journal     = {Sociology of Education},
  year        = {1997},
  volume      = {70},
  number      = {3},
  pages       = {221-237},
  keywords    = {State aid to education Academic achievement School districts Finance Analysis School management and organization Social status Class size},
  url         = {http://www.jstor.org/stable/2673210},
}

@Misc{Westacott2016FutureEducation,
  author      = {Westacott, Jennifer},
  title       = {The Future of Education},
  date        = {2016-08-11},
  url         = {http://www.bca.com.au/media/the-future-of-education---australian-davos-connection-forum-address-by-jennifer-westacott},
}

@Misc{WorldBank2016WordDevelopmentIndicators,
  author      = {{World Bank}},
  title       = {World Development Indicators},
  year        = {2016},
  url         = {http://data.worldbank.org/data-catalog/world-development-indicators},
}

@TechReport{Yoon2007ReviewingEvidenceTeacher,
  author      = {Yoon, Kwang Suk and Duncan, Teresa and Lee, Silvia Wen-Yu and Scarloss, Beth and Shapley, Kathy L.},
  title       = {Reviewing the Evidence on How Teacher Professional Development Affects Student Achievement. Issues \& Answers},
  year        = {2007},
  institution = {US Department of Education},
  url         = {http://eric.ed.gov/?id=ED498548},
}

@book{Zhang2016DevelopingShanghaisTeachers,
  author      = {Zhang, Minxuan and Ding, Xiaojing and Xu, Jinje}, 
  title       = {Developing Shanghai's Teachers},
  year        = {2016},
  publisher   = {National Center on Education and the Economy}, 
  location    = {Washington DC},
  url         = {http://www.ncee.org/developing-shanghais-teachers/},
}

@TechReport{Jensen2010MeasuringWhatMatters,
  author      = {Jensen, Ben and Molyneux, Katherine and Hunter, AmÃ©lie},
  title       = {Measuring what matters: student progress},
  year        = {2010},
  institution = {Grattan Institute}, 
  url         = {https://grattan.edu.au/report/measuring-what-matters-student-progress/},
}

@TechReport{OECD2016EducationGlance2016,
  author      = {OECD},
  title       = {Education at a Glance 2016:OECD Indicators},
  year        = {2016},
  institution = {Organisation for Economic Co-operation and Development},
  url         = {http://www.oecd-ilibrary.org/education/education-at-a-glance-2016_eag-2016-en},
}
