
@Misc{AdvisorsWarner2015,
  author       = {{State Street Global Advisors and Rice Warner}},
  title        = {The Australian Retirement Vision Survey},
  year         = {2015},
  month        = {8},
  url          = {https://www.professionalplanner.com.au/wp-content/uploads/2015/08/SSGA-Retirement-Vision-Report.pdf},
}
