@Article{DaleyWood-2016-theConvo-3-critical-tests-for-budget-2016,
  author       = {John Daley and Danielle Wood},
  date         = {2016-05-04},
  title        = {Three critical tests for Budget 2016: how does it fare?},
  journal      = {The Conversation},
  url          = {https://theconversation.com/three-critical-tests-for-budget-2016-how-does-it-fare-58144},
}

@TechReport{DaleyWoodCoates2015,
  author       = {John Daley and Danielle Wood and Brendan Coates},
  title        = {Submission to Standing Committee on Tax and Revenue inquiry into the Tax Expenditures Statement},
  institution  = {Grattan Institute},
  date         = {2015-08-04},
  url          = {http://grattan.edu.au/wp-content/uploads/2015/08/Submission_Daley_Wood_Coates_Inquiry-into-tax-expenditures-statement.pdf},
}

@TechReport{DaleyWoodWeidmannEtAl2014,
  author       = {John Daley and Danielle Wood and Ben Weidmann and Cameron Harrison},
  title        = {The wealth of generations},
  institution  = {Grattan Institute},
  year         = {2014},
  url          = {http://grattan.edu.au/report/the-wealth-of-generations/},
}

@TechReport{DaleyWoodCoatesEtAl2015,
  author       = {John Daley and Danielle Wood and Brendan Coates and Hugh Parsonage and Cameron Harrison},
  title        = {Budget Repair},
  year         = {2015},
  institution  = {Grattan Institute},
}

@TechReport{DaleyWood2016-Negative-Gearing-CGT,
  author       = {John Daley and Danielle Wood and Hugh Parsonage},
  title        = {Hot property: Negative gearing and capital gains tax reform},
  month        = {4},
  year         = {2016},
  url          = {http://grattan.edu.au/wp-content/uploads/2016/04/872-Hot-Property.pdf},
  institution  = {Grattan Institute},
  number       = {Report No. 2016-8},
}

@TechReport{Daly2012privateratereturn,
  author       = {A Daly and P Lewis and M Corliss and T Heaslip},
  title        = {The private rate of return to a university degree in Australia},
  institution  = {Centre for Labour Market Research},
  year         = {2012},
  url          = {http://www.voced.edu.au/content/ngv%3A53097},
}
